@book{langsci-current-book, author = {Mark Ali and Scott Grimm and Adams Bodomo}, title = {{A dictionary and grammatical sketch of {Dagaare}}}, year = {2021}, series = {African Language Grammars  and Dictionaries}, number = {4}, location = {Berlin}, publisher = {Language Science Press}, options = {dataonly=true} } 
