@book{Durand1953,
	Author = {Durand, Rev. J.B.},
	Owner = {scott},
	Publisher = {Catholic Mission Duplicator},
	Timestamp = {2010.03.27},
	Title = {Dagaare-{E}nglish Dictionary},
	Year = {1953}}

@unpublished{Anttila2006,
	Author = {Arto Anttila and Adams Bodomo},
	Note = {Unpublished Manuscript (2006 Revision)},
	Owner = {scott},
	Timestamp = {2010.03.27},
	Title = {A {D}agaare-{E}nglish Word List},
	Year = {2006}}
    
@unpublished{EversonGrimm2017,
	Author = {Rebecca Everson and Scott Grimm},
	Note = {Poster presented at 5th International Conference on Language Documentation and Conservation (ICLDC), March 2017, University of Hawaii, Honolulu, HI.},
	Owner = {scott},
	Timestamp = {2010.03.27},
	Title = {{From Toolbox database to \LaTeX\  dictionary}},
	Year = {2017}}
    
    
@book{Dakubu2005,
	Address = {Legon, Ghana},
	Author = {{Kropp Dakubu}, Mary E.},
	Owner = {scott},
	Publisher = {Institute of Language Studies},
	Series = {Collected Language Notes, Vol.\ 26},
	Timestamp = {2010.03.27},
	Title = {Collected Language Notes on {D}agaare Grammar},
	Year = {2005}}

@book{DagaareLanguageCommission1982,
	Address = {Wa, Ghana},
	Author = {{Dagaare Language Committee}},
	Owner = {scott},
	Publisher = {Catholic Press},
	Timestamp = {2012.08.29},
	Title = {A Guide to {D}agaare Spelling},
	Year = {1982}}
@book{Bodomo1997,
	Address = {Stanford},
	Author = {Bodomo, Adams},
	Owner = {scott},
	Publisher = {CSLI},
	Timestamp = {2010.03.27},
	Title = {The Structure of {D}agaare},
	Year = {1997}}

@book{Bodomo2000,
	Address = {M\"{u}nchen, Germany},
	Author = {Bodomo, Adams},
	Owner = {scott},
	Publisher = {Lincom Europa},
	Timestamp = {2010.03.27},
	Title = {Dagaare},
	Series = {Languages of the World Materials No.~165},
	Year = {2000}}

@book{Wilson1962,
	Address = {University of Ghana, Accra},
	Author = {Wilson, William A.},
	Owner = {scott},
	Publisher = {Institute of African Studies},
	Timestamp = {2012.08.29},
	Title = {The Vowel System of {D}agaari and {L}obiri},
	Year = {1962}}



@book{Kennedy1966,
	Address = {University of Ghana, Accra},
	Author = {Kennedy, Jack},
	Owner = {scott},
	Publisher = {Institute of African Studies},
	Series = {Collected Language Notes 6},
	Timestamp = {2012.08.29},
	Title = {Collected Field Reports on the Phonology of {D}agaari},
	Year = {1966}}

@incollection{Hall1977,
	Author = {Hall, Edward},
	Booktitle = {West {A}frican Language Data Sheets},
	Editor = {M. K. Dakubu},
	Owner = {scott},
	Publisher = {The West African Language Society},
	Timestamp = {2013.07.08},
	Title = {Dagaare},
	Volume = {1},
	Year = {1977}}


@book{Ethnologue,
	Address = {Dallas, Texas},
	Owner = {scott},
	Publisher = {SIL International},
	Timestamp = {2010.03.27},
	Title = {Ethnologue: {L}anguages of the World},
	edition = {20},
    note = {Online version:\\ \url{http://www.ethnologue.com}},
	Editor = {Gary F. Simons and Charles D. Fennig},
	Year = {2017}}



@BOOK{Zakpaa1978,
  author = {Zakpaa, B. B. },
  year = {1978},
  title = {Te koɔbo yɛlɛ},
  address = {Accra, Ghana},
  publisher = {Bureau of Ghana Languages} 
}
@BOOK{Nakuma1999,
  author = {Nakuma, Constancio},
  year = {1999},
  title = {Phonie et graphie tonale du dagaare (langue voltaïque)},
  address = {Paris},
  publisher = {L’Harmattan} 
}

@article{Nakuma2002,
  author           = {Nakuma, Constancio},
  journal          = {Journal of Dagaare Studies},
  pages            = {19-57},
  title            = {Guide to {D}agaare orthography},
  volume           = {2},
  year             = {2002},
  }


@misc{AnttilaBodomo1996,
  author     = {Anttila, Arto and Bodomo, Adams},
  howpublished     = {Rutgers Optimal Archive (ROA)},
  title      = {Stress and tone in {D}agaare},
  year       = {1996},
}

@article{Rialland1985,
  author     = {Rialland, Annie},
  journal    = {Studies in African Linguistics},
  pages      = {258-261},
  title      = {Le fini/l'infini ou l'affirmation/l'interrogation en {M}oba (langue voltaïque parlée au nord-Togo)},
  volume     = {Suppl. 9},
  year       = {1985}
}

@incollection{Hyman1993,
  address          = {San Diego},
  author           = {Hyman, Larry Michael},
  booktitle        = {Studies in lexical phonology},
  editor           = {Hargus, Sharon and Kaisse, Ellen},
  pages            = {235-254},
  publisher        = {Academic Press},
  series           = {Phonetics and phonology},
  title            = {Structure preservation and postlexical tonology in {D}agbani},
  number           = {4},
  year             = {1993}
}

@phdthesis{Cahill1999,
  address               = {Ann Abor},
  author                = {Cahill, Michael S.},
  publisher             = {UMI},
  school                = {Ohio State University},
  title                 = {Aspects of the Morphology and Phonology of {K}ɔnni},
  year                  = {1999}
  
}

@book{Mieheetal2007,
  address          = {Köln},
  author           = {Miehe, Gudrun and Kerstin Winkelmann},
  editor           = {Miehe, Gudrun and Winkelmann, Kerstin},
  publisher        = {Rüdiger Köppe},
  series           = {Gur Monographs},
  title            = {Noun class systems in {G}ur languages: {V}ol. {I} {S}outhwestern {G}ur Languages (without {G}urunsi)},
  number           = {9},
  year             = {2007}
}

@book{Siew-Yue1993,
  address               = {München},
  author                = {Siew-Yue Killingley},
  pages                 = {ii+50},
  publisher             = {Lincom},
  series                = {Languages of the World/Materials},
  title                 = {Cantonese},
  number                = {6},
  year                  = {1993}
}

@incollection{Bendor-Samuel1971,
  address          = {The Hague  and Paris},
  author           = {Bendor-Samuel, John Theodor},
  booktitle        = {{Current trends in linguistics, 7: Linguistics in sub-{S}aharan {A}frica}},
  editor           = {Sebeok, T. A.},
  pages            = {141-178},
  publisher        = {Mouton \& Co.},
  title            = {{Niger-Kongo, Gur}},
  year             = {1971}
}

@book{Trask1993,
  address            = {New York},
  author             = {Trask, Robert Lawrence},
  publisher          = {Routledge},
  title              = {A dictionary of grammatical terms in linguistics},
  year               = {1993}
}

@book{Bodomo1997Pathfinders,
  address          = {Trondheim},
  author           = {Bodomo, Adams},
  publisher        = {Norwegian University of Science and Technology (NTNU)},
  title            = {Paths and pathfinders: {E}xploring the syntax and semantics of complex verbal predicates in {D}agaare and other languages},
  year             = {1997}
}

@book{Bodomo1993,
  address    = {Trondheim},
  author     = {Bodomo, Adams},
  publisher  = {Norwegian Univ. of Science and Technology (NTNU)},
  series     = {Univ. of Trondheim working papers in linguistics},
  title      = {Complex predicates and event structure: an integrated analysis of serial verb constructions in the {M}abia languages of {W}est {A}frica},
  number     = {20},
  year       = {1993}
}
@unpublished{OostendorpBodomo1993,
author     = {Van Ostendorp, Marc and Bodomo, Adams},
title      = {Serial Verb Nominalization in {D}agaare},
year       = {1993},
note = {ms.}
}

@article{Bodomo2004complex,
  author           = {Bodomo, Adams},
  journal          = {Studia linguistica},
  number           = {1},
  pages            = {1-22},
  title            = {The syntax of nominalized complex verbal predicates in {D}agaare},
  volume           = {58},
  year             = {2004}
}

@book{Bodomo2004cantonese,
	Address = {Cologne, Germany},
	Author = {Bodomo, Adams},
	Owner = {scott},
	Publisher = {Rudiger Köppe Verlag},
	Timestamp = {2010.03.27},
	Title = {A {D}agaare-{C}antonese-{E}nglish Lexicon for Lexicographical Field Research Training},
	Year = {2004}}



@unpublished{Dakubu1998,
author     = {{Kropp Dakubu}, Mary E. and Saanchi, James A.},
title      = {Constituent Focus in {D}agaare},
year       = {1998},
note = {ms.},
address = {University of Ghana}
}
